%YAML 1.1
%TAG !u! tag:unity3d.com,2011:
--- !u!1 &100000
GameObject:
  m_ObjectHideFlags: 0
  m_PrefabParentObject: {fileID: 0}
  m_PrefabInternal: {fileID: 100100000}
  serializedVersion: 4
  m_Component:
  - 4: {fileID: 400000}
  - 114: {fileID: 11400000}
  - 58: {fileID: 5800000}
  m_Layer: 0
  m_Name: TrapActivator
  m_TagString: Untagged
  m_Icon: {fileID: 0}
  m_NavMeshLayer: 0
  m_StaticEditorFlags: 0
  m_IsActive: 1
--- !u!1 &100002
GameObject:
  m_ObjectHideFlags: 0
  m_PrefabParentObject: {fileID: 0}
  m_PrefabInternal: {fileID: 100100000}
  serializedVersion: 4
  m_Component:
  - 4: {fileID: 400002}
  - 212: {fileID: 21200000}
  - 114: {fileID: 11400002}
  - 61: {fileID: 6100000}
  - 50: {fileID: 5000000}
  - 114: {fileID: 11400004}
  m_Layer: 0
  m_Name: RamTrap
  m_TagString: Untagged
  m_Icon: {fileID: 0}
  m_NavMeshLayer: 0
  m_StaticEditorFlags: 0
  m_IsActive: 1
--- !u!4 &400000
Transform:
  m_ObjectHideFlags: 1
  m_PrefabParentObject: {fileID: 0}
  m_PrefabInternal: {fileID: 100100000}
  m_GameObject: {fileID: 100000}
  m_LocalRotation: {x: 0, y: 0, z: 0, w: 1}
  m_LocalPosition: {x: 0, y: 0, z: 0}
  m_LocalScale: {x: 1, y: 10.9331131, z: 1}
  m_Children: []
  m_Father: {fileID: 400002}
--- !u!4 &400002
Transform:
  m_ObjectHideFlags: 1
  m_PrefabParentObject: {fileID: 0}
  m_PrefabInternal: {fileID: 100100000}
  m_GameObject: {fileID: 100002}
  m_LocalRotation: {x: 0, y: 0, z: 0, w: 1}
  m_LocalPosition: {x: 228.233292, y: 7.19501686, z: -.00811153091}
  m_LocalScale: {x: 1, y: 1, z: 1}
  m_Children:
  - {fileID: 400000}
  m_Father: {fileID: 0}
--- !u!50 &5000000
Rigidbody2D:
  m_ObjectHideFlags: 1
  m_PrefabParentObject: {fileID: 0}
  m_PrefabInternal: {fileID: 100100000}
  m_GameObject: {fileID: 100002}
  m_Mass: 1
  m_LinearDrag: 0
  m_AngularDrag: .0500000007
  m_GravityScale: 1
  m_FixedAngle: 1
  m_IsKinematic: 0
  m_Interpolate: 0
  m_SleepingMode: 1
  m_CollisionDetection: 0
--- !u!58 &5800000
CircleCollider2D:
  m_ObjectHideFlags: 1
  m_PrefabParentObject: {fileID: 0}
  m_PrefabInternal: {fileID: 100100000}
  m_GameObject: {fileID: 100000}
  m_Enabled: 1
  m_Material: {fileID: 0}
  m_IsTrigger: 1
  m_Radius: 1.14999998
  m_Center: {x: 0, y: 0}
--- !u!61 &6100000
BoxCollider2D:
  m_ObjectHideFlags: 1
  m_PrefabParentObject: {fileID: 0}
  m_PrefabInternal: {fileID: 100100000}
  m_GameObject: {fileID: 100002}
  m_Enabled: 1
  m_Material: {fileID: 0}
  m_IsTrigger: 0
  m_Size: {x: 1.20000005, y: 2.01999998}
  m_Center: {x: 0, y: 0}
--- !u!114 &11400000
MonoBehaviour:
  m_ObjectHideFlags: 1
  m_PrefabParentObject: {fileID: 0}
  m_PrefabInternal: {fileID: 100100000}
  m_GameObject: {fileID: 100000}
  m_Enabled: 1
  m_EditorHideFlags: 0
  m_Script: {fileID: 11500000, guid: 01acca050c0515445a5a1897fc84c9ac, type: 3}
  m_Name: 
  m_EditorClassIdentifier: 
  trapTriggerListener: {fileID: 0}
  DetectionType: 3
--- !u!114 &11400002
MonoBehaviour:
  m_ObjectHideFlags: 1
  m_PrefabParentObject: {fileID: 0}
  m_PrefabInternal: {fileID: 100100000}
  m_GameObject: {fileID: 100002}
  m_Enabled: 1
  m_EditorHideFlags: 0
  m_Script: {fileID: 11500000, guid: 132032389cf868c43839cee18e0adbc1, type: 3}
  m_Name: 
  m_EditorClassIdentifier: 
  behaviourManager: {fileID: 100002}
  listenCollision: 1
  listenTrigger: 1
  tagActivator: Player
--- !u!114 &11400004
MonoBehaviour:
  m_ObjectHideFlags: 1
  m_PrefabParentObject: {fileID: 0}
  m_PrefabInternal: {fileID: 100100000}
  m_GameObject: {fileID: 100002}
  m_Enabled: 1
  m_EditorHideFlags: 0
  m_Script: {fileID: 11500000, guid: 653a4c39a249da8448e8b927e45911aa, type: 3}
  m_Name: 
  m_EditorClassIdentifier: 
  trapEffect: 0100000000000000
  activationDelay: 0
  ActivatedTrap: 0
  RubOutTime: 3
  AutoStart: 0
  revealer: {fileID: 100000}
  block: {fileID: 100002}
  timeRevealed: 1.5
  speed: 15
  target: {fileID: 0}
  followingType: 1
  detectionDistance: 0
--- !u!212 &21200000
SpriteRenderer:
  m_ObjectHideFlags: 1
  m_PrefabParentObject: {fileID: 0}
  m_PrefabInternal: {fileID: 100100000}
  m_GameObject: {fileID: 100002}
  m_Enabled: 1
  m_CastShadows: 0
  m_ReceiveShadows: 0
  m_LightmapIndex: 255
  m_LightmapTilingOffset: {x: 1, y: 1, z: 0, w: 0}
  m_Materials:
  - {fileID: 10754, guid: 0000000000000000e000000000000000, type: 0}
  m_SubsetIndices: 
  m_StaticBatchRoot: {fileID: 0}
  m_UseLightProbes: 0
  m_LightProbeAnchor: {fileID: 0}
  m_ScaleInLightmap: 1
  m_SortingLayer: 0
  m_SortingOrder: 0
  m_SortingLayerID: 0
  m_Sprite: {fileID: 21300000, guid: 8e605c0712e251c449ade805d5503084, type: 3}
  m_Color: {r: 1, g: 1, b: 1, a: 1}
--- !u!1001 &100100000
Prefab:
  m_ObjectHideFlags: 1
  serializedVersion: 2
  m_Modification:
    m_TransformParent: {fileID: 0}
    m_Modifications: []
    m_RemovedComponents: []
  m_ParentPrefab: {fileID: 0}
  m_RootGameObject: {fileID: 100002}
  m_IsPrefabParent: 1
  m_IsExploded: 1
